<?xml version="1.0" encoding="UTF-8"?><collection xmlns="http://www.loc.gov/MARC21/slim"><record><leader>00428nam--2200169-i-4500</leader><controlfield tag="001">000015118</controlfield><controlfield tag="002">20161230</controlfield><controlfield tag="005">20161230201031</controlfield><controlfield tag="008">060222s1000------------r-----000-0-rus-d</controlfield><datafield ind1=" " ind2=" " tag="040"><subfield code="a">IFIN-HH</subfield></datafield><datafield ind1=" " ind2=" " tag="041"><subfield code="a">rus</subfield></datafield><datafield ind1=" " ind2=" " tag="080"><subfield code="a">533.9:621.37.029.6</subfield></datafield><datafield ind1="1" ind2=" " tag="100"><subfield code="a">Lominadze, D.G</subfield></datafield><datafield ind1="1" ind2="0" tag="245"><subfield code="a">Tiklotronnie volni v plazme</subfield><subfield code="c">D.G. Lominadze</subfield></datafield><datafield ind1=" " ind2=" " tag="260"><subfield code="a">Tbilisi</subfield><subfield code="b">Metinereba</subfield><subfield code="c">1975</subfield></datafield><datafield ind1=" " ind2=" " tag="852"><subfield code="a">43645</subfield><subfield code="c">533.9</subfield></datafield><datafield ind1=" " ind2=" " tag="CAT"><subfield code="a">Sys</subfield><subfield code="c">20100927</subfield><subfield code="h">145805</subfield></datafield></record></collection>